@article{einstein,
    author =       "Albert Einstein",
    title =        "{Zur Elektrodynamik bewegter K{\"o}rper}. ({German})
        [{On} the electrodynamics of moving bodies]",
    journal =      "Annalen der Physik",
    volume =       "322",
    number =       "10",
    pages =        "891--921",
    year =         "1905",
    DOI =          "http://dx.doi.org/10.1002/andp.19053221004"
}

@book{latexcompanion,
    author    = "Michel Goossens and Frank Mittelbach and Alexander Samarin",
    title     = "The \LaTeX\ Companion",
    year      = "1993",
    publisher = "Addison-Wesley",
    address   = "Reading, Massachusetts"
}

@misc{knuthwebsite,
    author    = "Donald Knuth",
    title     = "Knuth: Computers and Typesetting",
    url       = "http://www-cs-faculty.stanford.edu/\~{}uno/abcde.html"
}

@online{1,
    author  = {Wikipedia.org},
    title   = {Sorting algorithm},
    year    = 2020,
    url     = {https://en.wikipedia.org/wiki/Sorting_algorithm},
    urldate = {2020-11-8}
}

@online{2,
    author  = {GeeksforGeeks},
    title   = {Sorting Algorithms},
    year    = 2020,
    url     = {https://www.geeksforgeeks.org/sorting-algorithms/},
    urldate = {2020-11-8}
}

@online{3,
    author  = {Cpp.edu},
    title   = {CS241: Data Structures and Algorithms II},
    year    = 2020,
    url     = {https://www.cpp.edu/~ftang/courses/CS241/notes/sorting.htm},
    urldate = {2020-11-9}
}

@online{4,
    author  = {yourbasic.org},
    title   = {Big O notation: definition and examples},
    year    = 2020,
    url     = {https://yourbasic.org/algorithms/big-o-notation-explained/},
    urldate = {2020-11-16}
}

@online{5,
    author  = {Sal Khan},
    title   = {Big O notation},
    year    = 2020,
    url     = {https://www.khanacademy.org/computing/computer-science/algorithms/asymptotic-notation/a/big-o-notation},
    urldate = {2020-11-16}
}

@online{6,
    author  = {Wikipedia.org},
    title   = {Big O notation},
    year    = 2020,
    url     = {https://en.wikipedia.org/wiki/Big_O_notation},
    urldate = {2020-11-16}
}

@online{7,
    author  = {W3schools.com},
    title   = {C Tutorial (C Sharp)},
    year    = 2020,
    url     = {https://www.w3schools.com/cs/},
    urldate = {2020-11-23}
}

@online{8,
    author  = {En.wikipedia.org},
    title   = {Bubble sort},
    year    = 2020,
    url     = {https://en.wikipedia.org/wiki/Bubble_sort},
    urldate = {2020-11-25}
}

@online{9,
    author  = {En.wikipedia.org},
    title   = {Comb sort},
    year    = 2020,
    url     = {https://en.wikipedia.org/wiki/Comb_sort},
    urldate = {2021-01-24}
}

@online{10,
    author  = {Bronislava Brejov√°},
    title   = {Analyzing variants of Shellsort},
    year    = 2021,
    url     = {https://www.sciencedirect.com/science/article/abs/pii/S0020019000002234?via%3Dihub},
    urldate = {2001}
}

@online{11,
    author  = {Paul Vitanyi},
    title   = {Analysis of Sorting Algorithms by Kolmogorov Complexity (A Survey)},
    year    = 2021,
    url     = {https://hurna.io/assets/files/algorithms/sort/sorting.pdf},
    urldate = {2001}
}

@online{12,
    author  = {En.wikipedia.org},
    title   = {Divide-and-conquer algorithm},
    year    = 2021,
    url     = {https://en.wikipedia.org/wiki/Divide-and-conquer_algorithm},
    urldate = {2021-1-31}
}

@online{13,
    author  = {Sal Khan},
    title   = {Divide and conquer algorithms},
    year    = 2021,
    url     = {https://www.khanacademy.org/computing/computer-science/algorithms/merge-sort/a/divide-and-conquer-algorithms},
    urldate = {2021-1-31}
}

@online{14,
    author  = {Shustek, L},
    title   = {Interview: An interview with C.A.R. Hoare},
    year    = 2009,
    url     = {https://dl.acm.org/doi/10.1145/1467247.1467261},
    urldate = {2021-1-31}
}

@online{15,
    author  = {Shustek, L},
    title   = {Quicksort},
    year    = 2021,
    url     = {https://en.wikipedia.org/wiki/Quicksort},
    urldate = {2021-1-31}
}